<record><leader>00000cas a2200000 a 4500</leader><controlfield tag="001">13155544</controlfield><controlfield tag="008">860215d19221992caudr ne      0    0eng d</controlfield><controlfield tag="009">3789</controlfield><datafield ind1=" " ind2=" " tag="010"><subfield code="a">sn 85066479 </subfield></datafield><datafield ind1=" " ind2=" " tag="040"><subfield code="a">KSH</subfield><subfield code="b">eng</subfield><subfield code="c">KSH</subfield><subfield code="d">NPT</subfield><subfield code="d">DLC</subfield><subfield code="d">NST</subfield><subfield code="d">YOX</subfield><subfield code="d">NSD</subfield><subfield code="d">NYS</subfield><subfield code="d">CNK</subfield><subfield code="d">DLC</subfield><subfield code="d">OCL</subfield><subfield code="d">CRL</subfield><subfield code="d">OCLCF</subfield></datafield><datafield ind1="1" ind2=" " tag="029"><subfield code="a">AU@</subfield><subfield code="b">000020438013</subfield></datafield><datafield ind1=" " ind2=" " tag="042"><subfield code="a">msc</subfield></datafield><datafield ind1=" " ind2=" " tag="043"><subfield code="a">n-us-ca</subfield></datafield><datafield ind1="0" ind2="0" tag="050"><subfield code="a">Newspaper Microfilm 976</subfield></datafield><datafield ind1="0" ind2=" " tag="130"><subfield code="a">San Diego union (San Diego, Calif. : 1922)</subfield></datafield><datafield ind1="0" ind2="4" tag="245"><subfield code="a">The San Diego union.</subfield></datafield><datafield ind1="1" ind2="3" tag="246"><subfield code="a">San Diego union and daily bee</subfield></datafield><datafield ind1=" " ind2=" " tag="260"><subfield code="a">San Diego, Calif. :</subfield><subfield code="b">[s.n.],</subfield><subfield code="c">1922-1992.</subfield></datafield><datafield ind1=" " ind2=" " tag="300"><subfield code="a">71 v.</subfield></datafield><datafield ind1=" " ind2=" " tag="310"><subfield code="a">Daily</subfield></datafield><datafield ind1="0" ind2=" " tag="362"><subfield code="a">Oct. 6, 1922-Feb. 1, 1992.</subfield></datafield><datafield ind1=" " ind2=" " tag="500"><subfield code="a">Publisher: Union-Tribune Pub. Co., &lt;1930&gt;.</subfield></datafield><datafield ind1=" " ind2=" " tag="500"><subfield code="a">Special "200th Anniversary of San Diego edition" published, Jan. 1, 1969.</subfield></datafield><datafield ind1=" " ind2=" " tag="530"><subfield code="a">Available on microfilm from Bell &amp; Howell Information and Learning.</subfield></datafield><datafield ind1=" " ind2=" " tag="580"><subfield code="a">Merged with: San Diego tribune, to become: San Diego union-tribune.</subfield></datafield><datafield ind1=" " ind2=" " tag="580"><subfield code="a">Published in various regional ed.: City ed., Home ed., Imperial Valley ed., North County ed., San Diego Co. ed., South County ed.</subfield></datafield><datafield ind1=" " ind2="0" tag="651"><subfield code="a">San Diego (Calif.)</subfield><subfield code="v">Newspapers.</subfield></datafield><datafield ind1=" " ind2="0" tag="651"><subfield code="a">San Diego County (Calif.)</subfield><subfield code="v">Newspapers.</subfield></datafield><datafield ind1=" " ind2="7" tag="655"><subfield code="a">Newspapers.</subfield><subfield code="2">fast</subfield><subfield code="0">(OCoLC)fst01423814</subfield></datafield><datafield ind1=" " ind2="7" tag="651"><subfield code="a">California</subfield><subfield code="z">San Diego.</subfield><subfield code="2">fast</subfield><subfield code="0">(OCoLC)fst01205232</subfield></datafield><datafield ind1=" " ind2="7" tag="651"><subfield code="a">California</subfield><subfield code="z">San Diego County.</subfield><subfield code="2">fast</subfield><subfield code="0">(OCoLC)fst01204290</subfield></datafield><datafield ind1=" " ind2=" " tag="752"><subfield code="a">United States</subfield><subfield code="b">California</subfield><subfield code="c">San Diego</subfield><subfield code="d">San Diego.</subfield></datafield><datafield ind1="0" ind2="0" tag="780"><subfield code="t">San Diego union and daily bee (San Diego, Calif. : 1897)</subfield><subfield code="w">(DLC)sn 86064440</subfield><subfield code="w">(OCoLC)13155553</subfield></datafield><datafield ind1="1" ind2="7" tag="785"><subfield code="t">San Diego tribune</subfield><subfield code="w">(DLC)sn 93052710</subfield><subfield code="w">(OCoLC)21351098</subfield></datafield><datafield ind1="1" ind2="7" tag="785"><subfield code="t">San Diego union-tribune</subfield><subfield code="x">1063-102X</subfield><subfield code="w">(DLC)sn 92003296</subfield><subfield code="w">(OCoLC)25257675</subfield></datafield></record>